@inproceedings{chahuneau2012word,
  title={Word salad: Relating food prices and descriptions},
  author={Chahuneau, Victor and Gimpel, Kevin and Routledge, Bryan R and Scherlis, Lily and Smith, Noah A},
  booktitle={Proceedings of the 2012 Joint Conference on Empirical Methods in Natural Language Processing and Computational Natural Language Learning},
  pages={1357--1367},
  year={2012},
  organization={Association for Computational Linguistics}
}
@book{jurafsky2014language,
  title={The language of food: A linguist reads the menu},
  author={Jurafsky, Dan},
  year={2014},
  publisher={WW Norton \& Company}
}
@article{jurafsky2014narrative,
  title={Narrative framing of consumer sentiment in online restaurant reviews},
  author={Jurafsky, Dan and Chahuneau, Victor and Routledge, Bryan R and Smith, Noah A},
  journal={First Monday},
  volume={19},
  number={4},
  year={2014}
}
@inproceedings{mikolov2013distributed,
  title={Distributed representations of words and phrases and their compositionality},
  author={Mikolov, Tomas and Sutskever, Ilya and Chen, Kai and Corrado, Greg S and Dean, Jeff},
  booktitle={Advances in neural information processing systems},
  pages={3111--3119},
  year={2013}
}
@article{mikolov2013efficient,
  title={Efficient estimation of word representations in vector space},
  author={Mikolov, Tomas and Chen, Kai and Corrado, Greg and Dean, Jeffrey},
  journal={arXiv preprint arXiv:1301.3781},
  year={2013}
}
@article{regneural1991,
  title={A general regression neural network},
  author={Specht, Donald F},
  journal={IEEE transactions on neural networks},
  volume={2},
  number={6},
  pages={568--576},
  year={1991},
  publisher={IEEE}
}
@article{archak2011deriving,
  title={Deriving the pricing power of product features by mining consumer reviews},
  author={Archak, Nikolay and Ghose, Anindya and Ipeirotis, Panagiotis G},
  journal={Management Science},
  volume={57},
  number={8},
  pages={1485--1509},
  year={2011},
  publisher={INFORMS}
}
@inproceedings{joshi2010movie,
  title={Movie reviews and revenues: An experiment in text regression},
  author={Joshi, Mahesh and Das, Dipanjan and Gimpel, Kevin and Smith, Noah A},
  booktitle={Human Language Technologies: The 2010 Annual Conference of the North American Chapter of the Association for Computational Linguistics},
  pages={293--296},
  year={2010},
  organization={Association for Computational Linguistics}
}
@inproceedings{maas2011learning,
  title={Learning word vectors for sentiment analysis},
  author={Maas, Andrew L and Daly, Raymond E and Pham, Peter T and Huang, Dan and Ng, Andrew Y and Potts, Christopher},
  booktitle={Proceedings of the 49th Annual Meeting of the Association for Computational Linguistics: Human Language Technologies-Volume 1},
  pages={142--150},
  year={2011},
  organization={Association for Computational Linguistics}
}
@article{freedman2011authenticity,
  title={Authenticity in America: Class distinctions in potato chip advertising},
  author={Freedman, Joshua and Jurafsky, Dan},
  journal={Gastronomica: The Journal of Critical Food Studies},
  volume={11},
  number={4},
  pages={46--54},
  year={2011},
  publisher={University of California Press Journals}
}
@article{hill2016learning,
  title={Learning distributed representations of sentences from unlabelled data},
  author={Hill, Felix and Cho, Kyunghyun and Korhonen, Anna},
  journal={arXiv preprint arXiv:1602.03483},
  year={2016}
}
@article{hochreiter1997long,
  title={Long short-term memory},
  author={Hochreiter, Sepp and Schmidhuber, J{\"u}rgen},
  journal={Neural computation},
  volume={9},
  number={8},
  pages={1735--1780},
  year={1997},
  publisher={MIT Press}
}
@article{gers2000learning,
  title={Learning to forget: Continual prediction with LSTM},
  author={Gers, Felix A and Schmidhuber, J{\"u}rgen and Cummins, Fred},
  journal={Neural computation},
  volume={12},
  number={10},
  pages={2451--2471},
  year={2000},
  publisher={MIT Press}
}
@book{kasavana1990menu,
  title={Menu engineering: a practical guide to menu analysis. Rev},
  author={Kasavana, Michael L and Smith, Donald I and Schmidgall, Raymond S},
  year={1990}
}
@article{wansink2005descriptive,
  title={How descriptive food names bias sensory perceptions in restaurants},
  author={Wansink, Brian and Van Ittersum, Koert and Painter, James E},
  journal={Food quality and preference},
  volume={16},
  number={5},
  pages={393--400},
  year={2005},
  publisher={Elsevier}
}
@article{jurafsky2016bordieu,
  title={Linguistic Markers of Status in Food Culture: Bourdieuâ€™s Distinction in a Menu Corpus},
  author={Jurafsky, Dan and Chahuneau, Victor and Routledge, Bryan R and Smith, Noah A},
  journal={Cultural Analysis},
  year={2016}
}

@article{mccall2008effects,
  title={The effects of restaurant menu item descriptions on perceptions of quality, price, and purchase intention},
  author={McCall, Michael and Lynn, Ann},
  journal={Journal of Foodservice Business Research},
  volume={11},
  number={4},
  pages={439--445},
  year={2008},
  publisher={Taylor \& Francis}
}

@book{beale1990neural,
  title={Neural Computing-an introduction},
  author={Beale, Russell and Jackson, Tom},
  year={1990},
  publisher={CRC Press}
}
@article{cho2015natural,
  title={Natural language understanding with distributed representation},
  author={Cho, Kyunghyun},
  journal={arXiv preprint arXiv:1511.07916},
  year={2015}
}
@article{cho2014learning,
  title={Learning phrase representations using RNN encoder-decoder for statistical machine translation},
  author={Cho, Kyunghyun and Van Merri{\"e}nboer, Bart and Gulcehre, Caglar and Bahdanau, Dzmitry and Bougares, Fethi and Schwenk, Holger and Bengio, Yoshua},
  journal={arXiv preprint arXiv:1406.1078},
  year={2014}
}


@inproceedings{tang2015document,
  title={Document modeling with gated recurrent neural network for sentiment classification},
  author={Tang, Duyu and Qin, Bing and Liu, Ting},
  booktitle={Proceedings of the 2015 Conference on Empirical Methods in Natural Language Processing},
  pages={1422--1432},
  year={2015}
}